@misc{ SomeName:2020,
       author = "Some Name",
       title = "Some Title",
       note = "\url{https://blog.kneitzel.de}",
       year = "2020" }
